@article{test1,
	author = {A, B, C, et.al.},
	title = {This is a test article},
	journal = {Nature Communications},
	volume = {14},
	year = {2052},
	doi = {10.1038/s11451-419-19810-0}
}

@article{test2,
	author = {D, E, F, et.al.},
	title = {This is another test article},
	journal = {Frontiers in Microbiology},
	volume = {15},
	year = {2052},
	doi = {10.3389/fmicb.2052.114514}
}
